<?xml version="1.0" encoding="UTF-8"?><record xmlns="http://www.loc.gov/MARC21/slim" xmlns:cinclude="http://apache.org/cocoon/include/1.0" xmlns:zs="http://www.loc.gov/zing/srw/">
  <leader>00684cz  a2200157n  4500</leader>
  <controlfield tag="001">no2011123320</controlfield>
  <controlfield tag="003">DLC</controlfield>
  <controlfield tag="005">20120818084007.0</controlfield>
  <controlfield tag="008">110809n| acannaabn          |a ana     c</controlfield>
  <datafield tag="010" ind1=" " ind2=" ">
    <subfield code="a">no2011123320</subfield>
  </datafield>
  <datafield tag="035" ind1=" " ind2=" ">
    <subfield code="a">(OCoLC)oca08939804</subfield>
  </datafield>
  <datafield tag="040" ind1=" " ind2=" ">
    <subfield code="a">NmU</subfield>
    <subfield code="b">eng</subfield>
    <subfield code="c">NmU</subfield>
    <subfield code="d">NmU</subfield>
    <subfield code="d">DLC</subfield>
  </datafield>
  <datafield tag="111" ind1="2" ind2=" ">
    <subfield code="a">Don Breck Memorial Symposium</subfield>
    <subfield code="d">(1983 :</subfield>
    <subfield code="c">Reno, Nev.)</subfield>
  </datafield>
  <datafield tag="411" ind1="2" ind2=" ">
    <subfield code="a">Breck Memorial Symposium</subfield>
    <subfield code="d">(1983 :</subfield>
    <subfield code="c">Reno, Nev.)</subfield>
  </datafield>
  <datafield tag="667" ind1=" " ind2=" ">
    <subfield code="a">THIS 1XX FIELD CANNOT BE USED UNDER RDA UNTIL THIS RECORD HAS BEEN REVIEWED AND/OR UPDATED</subfield>
  </datafield>
  <datafield tag="670" ind1=" " ind2=" ">
    <subfield code="a">Proceedings of the Sixth International Zeolite Conference ... c1984:</subfield>
    <subfield code="b">t.p. (Reno, USA 10-15 July 1983) p. 1, etc. (Don Breck Memorial Symposium) p. ix (Breck Menorial Symposium)</subfield>
  </datafield>
</record>